
@article{betts_forest_2022,
	title = {Forest degradation drives widespread avian habitat and population declines},
	volume = {6},
	copyright = {2022 The Author(s)},
	issn = {2397-334X},
	url = {https://www.nature.com/articles/s41559-022-01737-8},
	doi = {10.1038/s41559-022-01737-8},
	abstract = {In many regions of the world, forest management has reduced old forest and simplified forest structure and composition. We hypothesized that such forest degradation has resulted in long-term habitat loss for forest-associated bird species of eastern Canada (130,017 km2) which, in turn, has caused bird-population declines. Despite little change in overall forest cover, we found substantial reductions in old forest as a result of frequent clear-cutting and a broad-scale transformation to intensified forestry. Back-cast species distribution models revealed that breeding habitat loss occurred for 66\% of the 54 most common species from 1985 to 2020 and was strongly associated with reduction in old age classes. Using a long-term, independent dataset, we found that habitat amount predicted population size for 94\% of species, and habitat loss was associated with population declines for old-forest species. Forest degradation may therefore be a primary cause of biodiversity decline in managed forest landscapes.},
	language = {en},
	number = {6},
	urldate = {2024-04-23},
	journal = {Nature Ecology \& Evolution},
	author = {Betts, Matthew G. and Yang, Zhiqiang and Hadley, Adam S. and Smith, Adam C. and Rousseau, Josée S. and Northrup, Joseph M. and Nocera, Joseph J. and Gorelick, Noel and Gerber, Brian D.},
	month = jun,
	year = {2022},
	note = {Publisher: Nature Publishing Group},
	keywords = {Conservation biology},
	pages = {709--719},
	file = {Full Text PDF:C\:\\Users\\Stephanie\\Zotero\\storage\\DEDSA87S\\Betts et al. - 2022 - Forest degradation drives widespread avian habitat.pdf:application/pdf},
}

@article{desrochers_programme_2017,
	title = {Le {Programme} de surveillance des oiseaux nicheurs de la {Forêt} {Montmorency} : une nouvelle source de tendances des populations d’oiseaux nicheurs pour la forêt boréale au {Québec}},
	volume = {141},
	issn = {1929-3208, 0028-0798},
	shorttitle = {Le {Programme} de surveillance des oiseaux nicheurs de la {Forêt} {Montmorency}},
	url = {http://id.erudit.org/iderudit/1039737ar},
	doi = {10.7202/1039737ar},
	abstract = {Monitoring of breeding bird populations in the boreal forest is an important but difficult task, and despite the wide range of bird surveys conducted in Québec (Canada), population trends for this region remain imprecise. The present study provides a new set of trend estimates based on a 20-year dataset from the Forêt Montmorency, located in the boreal forest zone (balsam fir—white birch domain), 70 km north of Québec City. Regardless of preferred forest successional stage, the abundance of most species recorded in this area has remained stable or increased since 1995. These trends appear to be linked to recent local changes in habitats, such as forest management. The population trends for the Forêt Montmorency concord weakly, but generally positively, with those obtained over a similar time period by the Breeding Bird Survey, and by the Tadoussac and McGill bird observatories. The population trends from this monitoring program suggest either a strong regional variation in the status of the species considered, or a possible misunderstanding of the actual status of bird populations due to insufficient monitoring throughout the boreal forest.},
	language = {fr},
	number = {2},
	urldate = {2024-04-23},
	journal = {Le Naturaliste canadien},
	author = {Desrochers, André and Drolet, Bruno},
	month = may,
	year = {2017},
	pages = {61--74},
	file = {Desrochers et Drolet - 2017 - Le Programme de surveillance des oiseaux nicheurs .pdf:C\:\\Users\\Stephanie\\Zotero\\storage\\GAFYBPZG\\Desrochers et Drolet - 2017 - Le Programme de surveillance des oiseaux nicheurs .pdf:application/pdf},
}

@article{jobin_latlas_2020,
	title = {L’atlas des territoires d’intérêt pour la conservation dans les basses-terres du {Saint}-{Laurent} : un outil pour orienter la conservation des milieux naturels dans le sud du {Québec}},
	volume = {144},
	issn = {1929-3208},
	shorttitle = {L’atlas des territoires d’intérêt pour la conservation dans les basses-terres du {Saint}-{Laurent}},
	url = {http://id.erudit.org/iderudit/1073990ar},
	doi = {10.7202/1073990ar},
	abstract = {Comparativement au reste du Québec, les basses-terres du Saint-Laurent (BTSL) sont connues pour héberger une grande diversité biologique et de nombreuses espèces en situation précaire. C’est aussi là que se concentrent les activités anthropiques qui portent atteinte à l’intégrité des écosystèmes. Un atlas des territoires d’intérêt a été produit pour déterminer les territoires des BTSL où des actions de conservation sont requises (Jobin et collab., 2019a). Les cibles de conservation (filtre grossier) retenues sont les milieux forestiers, les milieux humides, les milieux ouverts (friches, prairies agricoles) et les milieux aquatiques. Les sites d’intérêt ont été déterminés par la sélection de ceux ayant une très haute valeur de conservation (présence d’espèces en situation précaire, d’aires protégées, etc.), puis par une analyse de priorisation multicritère. Des éléments du filtre fin sont aussi illustrés (p. ex., des frayères ou des colonies d’oiseaux). Cet article présente un survol des résultats de l’atlas des BTSL, des applications des résultats et des possibilités d’utilisation pour les acteurs actifs en conservation des milieux naturels au Québec. Puisque les données géospatiales associées aux sites d’intérêt sont disponibles, les utilisateurs peuvent les consulter pour connaître précisément l’emplacement des sites d’intérêt et adapter l’analyse de ces données à leur réalité territoriale.
          , 
            Compared to the rest of Quebec (Canada), the St. Lawrence Lowlands (SLL) exhibit a particularly high biological diversity, and are home to many species at risk. This part of the province is also where anthropogenic activities that affect ecosystem integrity are concentrated. An atlas of sites of conservation interest within the SLL has recently been produced to identify locations where conservation actions are required (Jobin et al., 2019a). The conservation targets (coarse filter) are woodlands, wetlands, open habitats (e.g., old fields and perennial crops) and aquatic environments. Sites of interest were determined by first selecting those of very high conservation value (e.g., presence of species at risk and protected areas), followed by a multi-criteria prioritization analysis. Local sites of importance for biodiversity (fine filter) are also provided, such as fish spawning grounds and bird colonies. This article presents an overview of the results of the atlas, possible applications of the results and potential uses for stakeholders involved in the conservation of natural areas in Quebec. As geospatial data are available for the sites of interest, users can identify their location and adapt the information presented to their particular area.},
	language = {fr},
	number = {2},
	urldate = {2024-04-23},
	journal = {Le Naturaliste canadien},
	author = {Jobin, Benoît and Gratton, Louise and Côté, Marie-Josée and Pfister, Olivier and Lachance, Daniel and Mingelbier, Marc and Blais, Daniel and Blais, Andréanne and Leclair, David},
	month = sep,
	year = {2020},
	pages = {47--64},
	file = {Jobin et al. - 2020 - L’atlas des territoires d’intérêt pour la conserva.pdf:C\:\\Users\\Stephanie\\Zotero\\storage\\MML66J7X\\Jobin et al. - 2020 - L’atlas des territoires d’intérêt pour la conserva.pdf:application/pdf},
}

@book{tardif_atlas_2005,
	address = {Québec},
	title = {Atlas de la biodiversité du {Québec}},
	url = {https://belsp.uqtr.ca/id/eprint/1230/1/Tardif%20et%20al_2005_Esp%C3%A8ces_menac%C3%A9es_vuln%C3%A9rables.pdf},
	language = {fr},
	publisher = {Gouvernement du Québec, ministère du Développement durable, de l’Environnement et des Parcs, Direction du développement durable, du patrimoine écologique et des parcs},
	author = {Tardif, Bernard and Lavoie, Gildo and Lachance, Yves},
	year = {2005},
	file = {Tardif - Atlas de la biodiversité du Québec.pdf:C\:\\Users\\Stephanie\\Zotero\\storage\\Q4S6M7BX\\Tardif - Atlas de la biodiversité du Québec.pdf:application/pdf},
}
